@article{BocchieriLoinger1957,
  author = {Bocchieri, P. and Loinger, A.},
  title = {Quantum Recurrence Theorem},
  journal = {Physical Review},
  volume = {107},
  pages = {337--338},
  year = {1957}
}

@book{Cassels1957,
  author = {Cassels, J. W. S.},
  title = {An Introduction to Diophantine Approximation},
  publisher = {Cambridge University Press},
  year = {1957}
}

@book{Schmidt1980,
  author = {Schmidt, Wolfgang M.},
  title = {Diophantine Approximation},
  series = {Lecture Notes in Mathematics},
  volume = {785},
  publisher = {Springer},
  year = {1980}
}

@article{Deutsch1991,
  author = {Deutsch, J. M.},
  title = {Quantum statistical mechanics in a closed system},
  journal = {Physical Review A},
  volume = {43},
  pages = {2046--2049},
  year = {1991}
}

@article{Reimann2008,
  author = {Reimann, Peter},
  title = {Foundation of Statistical Mechanics under Experimentally Realistic Conditions},
  journal = {Physical Review Letters},
  volume = {101},
  pages = {190403},
  year = {2008}
}

@article{Tasaki1998,
  author = {Tasaki, Hal},
  title = {From Quantum Dynamics to the Canonical Distribution: General Picture and a Rigorous Example},
  journal = {Physical Review Letters},
  volume = {80},
  pages = {1373--1376},
  year = {1998}
}

@article{GoldsteinEtAl2006,
  author = {Goldstein, S. and Lebowitz, J. L. and Tumulka, R. and Zangh\`i, N.},
  title = {Canonical Typicality},
  journal = {Physical Review Letters},
  volume = {96},
  pages = {050403},
  year = {2006}
}

@article{DysonKlebanSusskind2002,
  author = {Dyson, L. and Kleban, M. and Susskind, L.},
  title = {Disturbing Implications of a Cosmological Constant},
  journal = {Journal of High Energy Physics},
  volume = {10},
  pages = {011},
  year = {2002}
}

@article{Page2007,
  author = {Page, Don N.},
  title = {Is Our Universe Likely to Decay within 20 Billion Years?},
  journal = {Physical Review D},
  volume = {78},
  pages = {063535},
  year = {2008}
}

@article{Bekenstein1973,
  author = {Bekenstein, J. D.},
  title = {Black Holes and Entropy},
  journal = {Physical Review D},
  volume = {7},
  pages = {2333--2346},
  year = {1973}
}

@article{Hawking1975,
  author = {Hawking, S. W.},
  title = {Particle Creation by Black Holes},
  journal = {Communications in Mathematical Physics},
  volume = {43},
  pages = {199--220},
  year = {1975}
}

@misc{tHooft1993,
  author = {\'t Hooft, Gerard},
  title = {Dimensional Reduction in Quantum Gravity},
  howpublished = {arXiv:gr-qc/9310026},
  year = {1993}
}

@article{Susskind1995,
  author = {Susskind, Leonard},
  title = {The World as a Hologram},
  journal = {Journal of Mathematical Physics},
  volume = {36},
  pages = {6377--6396},
  year = {1995}
}

@article{Bousso1999,
  author = {Bousso, Raphael},
  title = {A Covariant Entropy Conjecture},
  journal = {Journal of High Energy Physics},
  volume = {07},
  pages = {004},
  year = {1999}
}

@article{BanksFischler2001,
  author = {Banks, T. and Fischler, W.},
  title = {M-theory observables for cosmological space-times},
  journal = {arXiv preprint},
  year = {2001},
  eprint = {hep-th/0102077}
}

@article{BanksFischler2003,
  author = {Banks, T. and Fischler, W.},
  title = {Holographic cosmology 3.0},
  journal = {arXiv preprint},
  year = {2003},
  eprint = {hep-th/0310288}
}

@article{CornishSpergelStarkman1998,
  author = {Cornish, N. J. and Spergel, D. N. and Starkman, G. D.},
  title = {Circles in the Sky: Finding Topology with the Microwave Background Radiation},
  journal = {Classical and Quantum Gravity},
  volume = {15},
  pages = {2657--2670},
  year = {1998}
}

@article{Planck2016Topology,
  author = {Planck Collaboration},
  title = {Planck 2015 results. XVIII. Background geometry and topology of the Universe},
  journal = {Astronomy \& Astrophysics},
  volume = {594},
  pages = {A18},
  year = {2016}
}

@article{WehusEriksen2011,
  author = {Wehus, I. K. and Eriksen, H. K.},
  title = {A Search for Concentric Circles in the 7-Year WMAP Temperature Sky Maps},
  journal = {The Astrophysical Journal Letters},
  volume = {733},
  pages = {L29},
  year = {2011}
}

@article{Planck2015Isotropy,
  author = {Planck Collaboration},
  title = {Planck 2015 results. XVI. Isotropy and statistics of the {CMB}},
  journal = {Astronomy \& Astrophysics},
  volume = {594},
  pages = {A16},
  year = {2016}
}

@misc{CMBS4SB,
  author = {CMB-S4 Collaboration},
  title = {{CMB}-S4 Science Book, First Edition},
  howpublished = {arXiv:1610.02743},
  year = {2016}
}

@article{Obied2018,
  author = {Obied, Georges and Ooguri, Hirosi and Spodyneiko, Lev and Vafa, Cumrun},
  title = {{de Sitter} Space and the Swampland},
  journal = {arXiv preprint},
  year = {2018},
  eprint = {arXiv:1806.08362}
}

@article{Ooguri2019,
  author = {Ooguri, Hirosi and Palti, Eran and Shiu, Gary and Vafa, Cumrun},
  title = {Distance and {de Sitter} Conjectures on the Swampland},
  journal = {Physics Letters B},
  volume = {788},
  pages = {180--184},
  year = {2019}
}

@article{MargolusLevitin1998,
  author = {Margolus, Norman and Levitin, Lev B.},
  title = {The maximum speed of dynamical evolution},
  journal = {Physica D: Nonlinear Phenomena},
  volume = {120},
  pages = {188--195},
  year = {1998}
}

@article{Lloyd2000,
  author = {Lloyd, Seth},
  title = {Ultimate physical limits to computation},
  journal = {Nature},
  volume = {406},
  pages = {1047--1054},
  year = {2000}
}

@article{BanksFischler2021,
  author    = {Tom Banks and Willy Fischler},
  title     = {Holographic Space-Time and Quantum Gravity},
  journal   = {Universe},
  year      = {2021},
  volume    = {7},
  number    = {12},
  pages     = {432},
  doi       = {10.3390/universe7120432},
  url       = {https://doi.org/10.3390/universe7120432}
}

@article{Nomura2020,
  author    = {Yasunori Nomura},
  title     = {Quantum Mechanics, Spacetime Locality, and Gravity},
  journal   = {Foundations of Physics},
  year      = {2020},
  volume    = {50},
  pages     = {1328--1366},
  doi       = {10.1007/s10701-020-00345-y},
  url       = {https://doi.org/10.1007/s10701-020-00345-y}
}

@article{Bao2022,
  author    = {Ning Bao and others},
  title     = {Holographic Entropy Bounds and Recurrence},
  journal   = {SciPost Physics},
  year      = {2022},
  volume    = {12},
  pages     = {007},
  doi       = {10.21468/SciPostPhys.12.1.007},
  url       = {https://doi.org/10.21468/SciPostPhys.12.1.007}
}

@article{BoddyCarroll2018,
  author    = {Kimberly K. Boddy and Sean M. Carroll and Jason Pollack},
  title     = {De Sitter Space Without Boltzmann Brains},
  journal   = {Foundations of Physics},
  year      = {2018},
  volume    = {48},
  number    = {6},
  pages     = {601--619},
  doi       = {10.1007/s10701-018-0152-6},
  url       = {https://doi.org/10.1007/s10701-018-0152-6}
}

@article{Vilenkin2022,
  author    = {Alexander Vilenkin},
  title     = {Measures of the Multiverse},
  journal   = {JCAP},
  year      = {2022},
  volume    = {04},
  pages     = {002},
  doi       = {10.1088/1475-7516/2022/04/002},
  url       = {https://doi.org/10.1088/1475-7516/2022/04/002}
}


@article{Landauer1961,
  author       = {Landauer, Rolf},
  title        = {Irreversibility and Heat Generation in the Computing Process},
  journal      = {IBM Journal of Research and Development},
  volume       = {5},
  number       = {3},
  pages        = {183--191},
  year         = {1961},
  doi          = {10.1147/rd.53.0183}
}
